@article{grenning2002planning,
  title={Planning poker or how to avoid analysis paralysis while release planning},
  author={Grenning, James},
  journal={Hawthorn Woods: Renaissance Software Consulting},
  volume={3},
  year={2002}
}

@inproceedings{molokken2007combining,
  title={Combining estimates with planning poker--an empirical study},
  author={Molokken-Ostvold, Kjetil and Haugen, Nils Christian},
  booktitle={Software Engineering Conference, 2007. ASWEC 2007. 18th Australian},
  pages={349--358},
  year={2007},
  organization={IEEE}
}

@article{wellington2005examining,
  title={Examining team cohesion as an effect of software engineering methodology},
  author={Wellington, Carol A and Briggs, Thomas and Girard, C Dudley},
  journal={ACM SIGSOFT Software Engineering Notes},
  volume={30},
  number={4},
  pages={1--5},
  year={2005},
  publisher={ACM}
}
@article{williams2012agile,
  title={What agile teams think of agile principles},
  author={Williams, Laurie},
  journal={Communications of the ACM},
  volume={55},
  number={4},
  pages={71--76},
  year={2012},
  publisher={ACM}
}

@techreport{iso250102011,
  title={ISO/IEC 25010". 2011},
  author={ISO, ISQS},
  journal={Systems and software engineering---Systems and software Quality Requirements and Evaluation (SQuaRE)---System and software quality models},
  year={2011}
}
